<record><leader>00000cas a22000007a 4500</leader><controlfield tag="001">12046011</controlfield><controlfield tag="008">850517d18231824ohuwr ne      0    0eng d</controlfield><datafield ind1=" " ind2=" " tag="010"><subfield code="a">sn 85026129 </subfield></datafield><datafield ind1=" " ind2=" " tag="040"><subfield code="a">NPX</subfield><subfield code="b">eng</subfield><subfield code="c">NPX</subfield><subfield code="d">OCLCQ</subfield></datafield><datafield ind1=" " ind2=" " tag="042"><subfield code="a">msc</subfield></datafield><datafield ind1="0" ind2="0" tag="245"><subfield code="a">Marietta Minerva.</subfield></datafield><datafield ind1=" " ind2=" " tag="260"><subfield code="a">Marietta, Ohio :</subfield><subfield code="b">A.V.D. Joline</subfield></datafield><datafield ind1=" " ind2=" " tag="300"><subfield code="a">v.</subfield></datafield><datafield ind1=" " ind2=" " tag="310"><subfield code="a">Weekly</subfield></datafield><datafield ind1="1" ind2=" " tag="362"><subfield code="a">Began with Sept. 3, 1823 issue; ceased with Dec. 3, 1824 issue.</subfield><subfield code="z">Cf. Gutgesell, S. Guide to Ohio newspapers, 1974.</subfield></datafield><datafield ind1=" " ind2=" " tag="500"><subfield code="a">Publishers: A.V.D. Joline, 1823; John K. &amp; A.V.D. Joline, 1823-1824.</subfield></datafield><datafield ind1=" " ind2=" " tag="588"><subfield code="a">Description based on: Vol. 1, no. 4 (Oct. 15, 1823).</subfield></datafield><datafield ind1=" " ind2=" " tag="752"><subfield code="a">United States</subfield><subfield code="b">Ohio</subfield><subfield code="c">Washington</subfield><subfield code="d">Marietta.</subfield></datafield></record>